<record><leader>00000cas a22000007a 4500</leader><controlfield tag="001">16118180</controlfield><controlfield tag="008">870701d19721973inuwn ne      0    0eng d</controlfield><datafield ind1=" " ind2=" " tag="010"><subfield code="a">sn 87056155 </subfield></datafield><datafield ind1=" " ind2=" " tag="040"><subfield code="a">NPI</subfield><subfield code="b">eng</subfield><subfield code="c">NPI</subfield><subfield code="d">OCLCQ</subfield></datafield><datafield ind1=" " ind2=" " tag="042"><subfield code="a">msc</subfield></datafield><datafield ind1="0" ind2=" " tag="130"><subfield code="a">Lawrence journal (Indianapolis, Ind.)</subfield></datafield><datafield ind1="1" ind2="4" tag="245"><subfield code="a">The Lawrence journal.</subfield></datafield><datafield ind1=" " ind2=" " tag="260"><subfield code="a">Indianapolis, Ind. :</subfield><subfield code="b">James T. O'Neal, Jr.,</subfield><subfield code="c">1972-1973.</subfield></datafield><datafield ind1=" " ind2=" " tag="310"><subfield code="a">Weekly,</subfield><subfield code="b">1972-Aug. 23, 1973</subfield></datafield><datafield ind1="0" ind2=" " tag="362"><subfield code="a">Vol. 28, no. 19 (May 11, 1972)-v. 29, no. 30 (Nov. 29, 1973).</subfield></datafield><datafield ind1=" " ind2=" " tag="515"><subfield code="a">Suspended with Mar. 29, 1973 issue; resumed with May 10, 1973 issue.</subfield></datafield><datafield ind1=" " ind2=" " tag="752"><subfield code="a">United States</subfield><subfield code="b">Indiana</subfield><subfield code="c">Marion</subfield><subfield code="d">Lawrence.</subfield></datafield><datafield ind1=" " ind2=" " tag="752"><subfield code="a">United States</subfield><subfield code="b">Indiana</subfield><subfield code="c">Marion</subfield><subfield code="d">Indianapolis.</subfield></datafield><datafield ind1="0" ind2="0" tag="780"><subfield code="t">Suburban &amp; Lawrence journal</subfield><subfield code="w">(DLC)sn 87056157</subfield></datafield><datafield ind1="0" ind2="0" tag="785"><subfield code="t">Lawrence Township journal</subfield><subfield code="w">(DLC)sn 87056156</subfield></datafield></record>